<record><leader>00000cas a22000007a 4500</leader><controlfield tag="001">11380371</controlfield><controlfield tag="008">841113d19271928wiuwr ne      0   a0eng c</controlfield><datafield ind1=" " ind2=" " tag="010"><subfield code="a">sn 84024831 </subfield></datafield><datafield ind1=" " ind2=" " tag="040"><subfield code="a">NPV</subfield><subfield code="b">eng</subfield><subfield code="c">NPV</subfield><subfield code="d">DLC</subfield></datafield><datafield ind1="0" ind2=" " tag="022"><subfield code="a">2574-7851</subfield><subfield code="2">1</subfield></datafield><datafield ind1=" " ind2=" " tag="042"><subfield code="a">msc</subfield><subfield code="a">nsdp</subfield></datafield><datafield ind1=" " ind2=" " tag="043"><subfield code="a">n-us-wi</subfield></datafield><datafield ind1=" " ind2=" " tag="045"><subfield code="a">x2x2</subfield></datafield><datafield ind1="1" ind2="0" tag="050"><subfield code="a">ISSN RECORD</subfield></datafield><datafield ind1=" " ind2=" " tag="052"><subfield code="a">4123</subfield><subfield code="b">O9</subfield></datafield><datafield ind1=" " ind2="4" tag="222"><subfield code="a">The Grafton enterprise</subfield></datafield><datafield ind1="0" ind2="4" tag="245"><subfield code="a">The Grafton enterprise.</subfield></datafield><datafield ind1=" " ind2=" " tag="260"><subfield code="a">Grafton, Wis. :</subfield><subfield code="b">A.D. Bolens,</subfield><subfield code="c">1927-</subfield></datafield><datafield ind1=" " ind2=" " tag="300"><subfield code="a">v. :</subfield><subfield code="b">ill.</subfield></datafield><datafield ind1=" " ind2=" " tag="310"><subfield code="a">Weekly</subfield></datafield><datafield ind1="0" ind2=" " tag="362"><subfield code="a">Vol. 1, no. 1 (July 27, 1927)-</subfield></datafield><datafield ind1="1" ind2=" " tag="362"><subfield code="a">Ceased with Apr. 18, 1928 issue.</subfield><subfield code="z">Cf. Oehlerts, D.  Guide to Wis. newspapers.</subfield></datafield><datafield ind1=" " ind2=" " tag="530"><subfield code="a">Available on microfilm from the State Historical Society of Wisconsin.</subfield></datafield><datafield ind1=" " ind2=" " tag="500"><subfield code="a">Editor: A.D. Bolens.</subfield></datafield><datafield ind1=" " ind2=" " tag="580"><subfield code="a">Merged with: Port Washington pilot, and: Port Washington star and Ozaukee County advertiser, to form: Port Washington pilot, Port Washington star and Grafton enterprise.</subfield></datafield><datafield ind1=" " ind2=" " tag="752"><subfield code="a">United States</subfield><subfield code="b">Wisconsin</subfield><subfield code="c">Ozaukee</subfield><subfield code="d">Grafton.</subfield></datafield><datafield ind1="1" ind2="7" tag="785"><subfield code="t">Port Washington pilot</subfield></datafield><datafield ind1="1" ind2="7" tag="785"><subfield code="t">Port Washington star and Ozaukee County advertiser</subfield><subfield code="w">(DLC)sn 85041040</subfield></datafield><datafield ind1="1" ind2="7" tag="785"><subfield code="t">Port Washington pilot, Port Washington star and Grafton enterprise</subfield></datafield><datafield ind1="1" ind2=" " tag="029"><subfield code="a">AU@</subfield><subfield code="b">000025833984</subfield></datafield></record>